@article{mygst108,
	title={Logic Gates},
	author={Okoacha, Nkechi G},
	journal={GST 108: Introduction to Quantitative Reasoning}
}