@article{moru2020machine,
	title={A machine vision algorithm for quality control inspection of gears},
	author={Moru, Desmond K and Borro, Diego},
	journal={The International Journal of Advanced Manufacturing Technology},
	volume={106},
	number={1-2},
	pages={105--123},
	year={2020},
	publisher={Springer}
}