@article{gu2020study,
	title={Study on the dimensional metrology and alignment method for the 1/32 CFETR VV mock-up},
	author={Gu, Yongqi and Liu, Chen and Wei, Jing and Lu, Kun and Ji, Haibiao and Zheng, Yuanyang and Fan, Xiaosong and Wang, Jun and Yuan, Zhong and Gong, Zheng},
	journal={Fusion Engineering and Design},
	volume={155},
	pages={111556},
	year={2020},
	publisher={Elsevier}
}
@article{maresca2019evaluation,
	title={Evaluation of traceability in continuous 2D measurements employing machine vision systems},
	author={Maresca, P and Duarte, {\'A} and Wang, C and Caja, J and G{\'o}mez, E},
	journal={Procedia Manufacturing},
	volume={41},
	pages={922--929},
	year={2019},
	publisher={Elsevier}
}
@inproceedings{hall2019opportunity,
	title={An opportunity to enhance the value of metrological traceability in digital systems},
	author={Hall, BD},
	booktitle={2019 II Workshop on Metrology for Industry 4.0 and IoT (MetroInd4. 0\&IoT)},
	pages={16--21},
	year={2019},
	organization={IEEE}
}
@article{moru2020machine,
	title={A machine vision algorithm for quality control inspection of gears},
	author={Moru, Desmond K and Borro, Diego},
	journal={The International Journal of Advanced Manufacturing Technology},
	volume={106},
	number={1-2},
	pages={105--123},
	year={2020},
	publisher={Springer}
}
@inproceedings{kuster2020measurement,
	title={A Measurement Information Infrastructure's Benefits for Industrial Metrology and IoT},
	author={Kuster, Mark},
	booktitle={2020 IEEE International Workshop on Metrology for Industry 4.0 \& IoT},
	pages={479--484},
	year={2020},
	organization={IEEE}
}
@incollection{peng2020inertial,
	title={Inertial Measurement System for Track Alignment Inspection Based on Machine Vision},
	author={Peng, Lele and Zhang, Huiling and Li, Xin and Zheng, Shubin},
	booktitle={Resilience and Sustainable Transportation Systems},
	pages={530--537},
	year={2020},
	publisher={American Society of Civil Engineers Reston, VA}
}