@article{cardanobib,
	title={Out of control: vita di gerolamo cardano (1501-1576)},
	author={P. Scarani},
	journal={Pathologica},
	volume={93},
	pages={565-574},
	year={2001},